% This file was created with JabRef 2.10.
% Encoding: UTF-8


@Article{Alford:2017qgh,
  Title                    = {{Compact stars with sequential QCD phase transitions}},
  Author                   = {Alford, Mark G. and Sedrakian, Armen},
  Journal                  = {Phys. Rev. Lett.},
  Year                     = {2017},
  Number                   = {16},
  Pages                    = {161104},
  Volume                   = {119},

  Archiveprefix            = {arXiv},
  Doi                      = {10.1103/PhysRevLett.119.161104},
  Eprint                   = {1706.01592},
  Primaryclass             = {astro-ph.HE},
  Slaccitation             = {%%CITATION = ARXIV:1706.01592;%%}
}

